@article{PhysRevLett.93.268701,
  title = {Patterns of Link Reciprocity in Directed Networks},
  author = {Garlaschelli, Diego and Loffredo, Maria I.},
  journal = {Phys. Rev. Lett.},
  volume = {93},
  issue = {26},
  pages = {268701},
  numpages = {4},
  year = {2004},
  month = {Dec},
  publisher = {American Physical Society},
  doi = {10.1103/PhysRevLett.93.268701},
  url = {http://link.aps.org/doi/10.1103/PhysRevLett.93.268701}
}
@URL {douglasrwhitemichaelschnegglilyanabrudner1999,
    author   = "Douglas R. White, Michael Schnegg, and Lilyan A. Brudner",
    year     = "1999",
    crossref = "http://eclectic.ss.uci.edu/~drwhite/cases/decentralized.html"
}
@URL {chengjunwang2013,
    author   = "Cheng-Jun Wang",
    year     = "2013",
    crossref = "http://chengjun.github.io/en/2013/08/generating-networks-with-igraph/"
}

@URL {tamasnepusz2014,
    author   = "Tam√°s Nepusz",
    year     = "2014",
    crossref = "http://igraph.org/python/doc/igraph-module.html"
}
